<?xml version="1.0" encoding="UTF-8"?><collection xmlns="http://www.loc.gov/MARC21/slim"><record><leader>00366nam--2200121-i-4500</leader><controlfield tag="001">000025434</controlfield><controlfield tag="002">20161230</controlfield><controlfield tag="005">20161230201035</controlfield><controlfield tag="008">060222s1000------------r-----000-0-eng-d</controlfield><datafield ind1=" " ind2=" " tag="080"><subfield code="a">061.62(047:520):621.384.6(047:520)</subfield></datafield><datafield ind1=" " ind2=" " tag="245"><subfield code="a">The institut of physical and chemical research. ipcr cyclotron progress report`73</subfield></datafield><datafield ind1=" " ind2=" " tag="260"><subfield code="a">Wako-shi, Saitama, Ipcr, 1973</subfield></datafield><datafield ind1=" " ind2=" " tag="852"><subfield code="a">28456</subfield></datafield></record></collection>